@online{PMFRESEARCH,
  author = {PMF RESEARCH},
  title = {{PMF RESEARCH} COSA SONO GLI OLOGRAMMI? DEFINIZIONE E PROSPETTIVE},
  year = 2022,
  url = {https://pmf-research.eu/realta-aumentata-nuova-frontiera ologrammi/#:~:text=L%27ologrammi%3A%20storia%20ed%20evoluzione,-Gli%20ologrammi%20nascono&text=Dennis%20Gabor%2C%20famoso%20scienziato%20ungherese,)%20e%20gramma%20(messaggio).}
}

@online{PSNR-HVS,
  author = {PMF RESEARCH},
  title = {PSNR-HVS-M},
  year = 2009,
  url = {https://www.ponomarenko.info/psnrhvsm.htm}
}

@online{TEST_SSIM,
  author = {Zhou Wang, Alan C. Bovik, Hamid R. Sheikh and Eero P. Simoncelli},
  title = {The SSIM Index for Image Quality Assessment},
  year = 2011,
  url = {https://www.cns.nyu.edu/~lcv/ssim/#test}
}


@article{Social-Aware,
author = {Cao, Yang and Jiang, Tao and Chen, Xu and Zhang, Junshan},
year = {2016},
month = {06},
pages = {1528 - 1539},
title = {Social-Aware Video Multicast Based on Device-to-Device Communications},
volume = {15},
journal = {IEEE Transactions on Mobile Computing},
doi = {10.1109/TMC.2015.2461214}
}

@online{Shrubbery,
  author = {MIT Media Lab Light Fields},
  title = {Shrubbery},
  url = {https://web.media.mit.edu/~gordonw/SyntheticLightFields/}
}

@online{Messerschmitt,
  author = {MIT Media Lab Light Fields},
  title = {Messerschmitt},
  url = {https://web.media.mit.edu/~gordonw/SyntheticLightFields/}
}

@online{Fish,
  author = {MIT Media Lab Light Fields},
  title = {Fish},
  url = {https://web.media.mit.edu/~gordonw/SyntheticLightFields/}
}

@online{Dice,
  author = {MIT Media Lab Light Fields},
  title = {Dice},
  url = {https://web.media.mit.edu/~gordonw/SyntheticLightFields/}
}

@online{Car,
  author = {Max Planck Institut Informatik},
  title = {Car},
  url = {https://lightfields.mpi-inf.mpg.de/Dataset.html}
}

@online{Cobblestone,
  author = {Max Planck Institut Informatik},
  title = {Cobblestone},
  url = {https://lightfields.mpi-inf.mpg.de/Dataset.html}
}

@online{Mannequin,
  author = {Max Planck Institut Informatik},
  title = {Mannequin},
  url = {https://lightfields.mpi-inf.mpg.de/Dataset.html}
}

@online{Blob,
  author = {Max Planck Institut Informatik},
  title = {Blob},
  url = {https://lightfields.mpi-inf.mpg.de/Dataset.html}
}

@online{3Dscanrep,
  author = {The Stanford 3D Scanning Repository},
  title = {3Dscanrep},
  url = {http://graphics.stanford.edu/data/3Dscanrep/}
}

@online{M-JPEG,
  author = {wikipedia},
  title = {M-JPEG},
  url = {https://it.wikipedia.org/wiki/Motion_JPEG}
}

@online{CirrusLogicAccuPak,
  author = {wikipedia},
  title = {CirrusLogicAccuPak},
  url = {https://wiki.multimedia.cx/index.php/Cirrus_Logic_AccuPak}
}

@online{ffvhuff,
  author = {Christoph Gerstbauer},
  title = {FFVHUFF},
  url = {https://ffmpeg-user.ffmpeg.narkive.com/kNFlDpI2/ffvhuff-codec-improvement}
}

@online{FLV,
  author = {wikipedia},
  title = {FLV},
  url = {https://en.wikipedia.org/wiki/Flash_Video}
}

@online{MPEG-4,
  author = {wikipedia},
  title = {MPEG-4},
  url = {https://it.wikipedia.org/wiki/MPEG-4}
}

@online{ProRes,
  author = {wikipedia},
  title = {ProRes},
  url = {https://en.wikipedia.org/wiki/Apple_ProRes}
}

@online{zlib,
  author = {wikipedia},
  title = {zlib},
  url = {https://wiki.multimedia.cx/index.php/Lossless_Codec_Libraries}
}

@online{magicyuv,
  author = {MagicYuv},
  title = {magicyuv},
  url = {https://www.magicyuv.com}
}

@article{LigthFieldCompression,
  title={Ligh Field Hologram Compression},
  author={Raffaele Squillante, Antonio Giammetta},
  pages={34},
  year={2023}
}

@article{sara2019image,
  title={Image quality assessment through FSIM, SSIM, MSE and PSNRâ€”a comparative study},
  author={Sara, Umme and Akter, Morium and Uddin, Mohammad Shorif},
  journal={Journal of Computer and Communications},
  volume={7},
  number={3},
  pages={8--18},
  year={2019},
  publisher={Scientific Research Publishing}
}